<record><leader>00000cas a22000007i 4500</leader><controlfield tag="001">995049853</controlfield><controlfield tag="006">m     o  d        </controlfield><controlfield tag="007">cr |||||||||||</controlfield><controlfield tag="008">170726c19869999cauwr n o     0   a0eng  </controlfield><datafield ind1=" " ind2=" " tag="010"><subfield code="a">  2017202547</subfield></datafield><datafield ind1=" " ind2=" " tag="040"><subfield code="a">DLC</subfield><subfield code="b">eng</subfield><subfield code="e">rda</subfield><subfield code="c">DLC</subfield><subfield code="d">DLC</subfield></datafield><datafield ind1=" " ind2=" " tag="012"><subfield code="l">1</subfield></datafield><datafield ind1="0" ind2=" " tag="022"><subfield code="a">2573-9921</subfield><subfield code="2">1</subfield></datafield><datafield ind1=" " ind2=" " tag="037"><subfield code="b">Lake LA News, PO Box 500097, Lake LA, CA  93591</subfield></datafield><datafield ind1=" " ind2=" " tag="042"><subfield code="a">nsdp</subfield><subfield code="a">pcc</subfield></datafield><datafield ind1="1" ind2="0" tag="050"><subfield code="a">ISSN RECORD</subfield></datafield><datafield ind1="1" ind2="0" tag="082"><subfield code="a">070</subfield><subfield code="2">23</subfield></datafield><datafield ind1=" " ind2="0" tag="222"><subfield code="a">Lake Los Angeles news</subfield><subfield code="b">(Online)</subfield></datafield><datafield ind1="0" ind2="0" tag="245"><subfield code="a">Lake Los Angeles news</subfield></datafield><datafield ind1="1" ind2=" " tag="246"><subfield code="a">Lake L.A. news</subfield></datafield><datafield ind1="1" ind2=" " tag="246"><subfield code="a">Lake LA news</subfield></datafield><datafield ind1=" " ind2="1" tag="264"><subfield code="a">Lake LA, California :</subfield><subfield code="b">Joyce Media, Inc.</subfield></datafield><datafield ind1=" " ind2=" " tag="310"><subfield code="a">Weekly</subfield></datafield><datafield ind1=" " ind2=" " tag="336"><subfield code="a">text</subfield><subfield code="b">txt</subfield><subfield code="2">rdacontent</subfield></datafield><datafield ind1=" " ind2=" " tag="337"><subfield code="a">computer</subfield><subfield code="b">c</subfield><subfield code="2">rdamedia</subfield></datafield><datafield ind1=" " ind2=" " tag="338"><subfield code="a">online resource</subfield><subfield code="b">cr</subfield><subfield code="2">rdacarrier</subfield></datafield><datafield ind1="1" ind2=" " tag="362"><subfield code="a">Print began with: Volume 1, number 1 (October 16, 1986)</subfield></datafield><datafield ind1=" " ind2=" " tag="588"><subfield code="a">Description based on print record</subfield></datafield><datafield ind1="0" ind2="8" tag="776"><subfield code="i">Print version:</subfield><subfield code="t">Lake Los Angeles news</subfield><subfield code="x">2573-9913</subfield><subfield code="w">(DLC)  2017202548</subfield><subfield code="w">(OCoLC)995049497</subfield></datafield><datafield ind1="4" ind2="0" tag="856"><subfield code="u">http://joycemediainc.com/papers/llamall.html</subfield></datafield></record>